@misc{freer_PPL,
  author = {Kiselyov, Oleg and Ishii, Hiromi},
  title = {Freer Monads, More Extensible Effects},
  year = {2016},
  howpublished = {https://www.slideshare.net/konn/freer-monads-more-extensible-effects-59411772},
  urldate = {2020-10-04}
}
